<collection xmlns="http://www.loc.gov/MARC21/slim"><record><leader>00707nam  2200217   450</leader><controlfield tag="001">285</controlfield><controlfield tag="003">http://montalegre.opacnet.com/OPAC/default.aspx?ContentAreaControl=ShowRegHoldings.ascx&amp;RegNo=16662</controlfield><datafield tag="095" ind1=" " ind2=" "><subfield code="a">PTBN00313155</subfield></datafield><datafield tag="100" ind1=" " ind2=" "><subfield code="a">19920524d1972    m  y0pory010305  ba</subfield></datafield><datafield tag="101" ind1="1" ind2=" "><subfield code="a">por</subfield></datafield><datafield tag="102" ind1=" " ind2=" "><subfield code="a">PT</subfield></datafield><datafield tag="200" ind1="1" ind2=" "><subfield code="a">&lt;Os &gt;irmãos Karamazov</subfield><subfield code="f">Fiodor Dostoiewski</subfield><subfield code="g">trad. por Maria Franco</subfield><subfield code="g">int. de Eliseo Vivas</subfield></datafield><datafield tag="210" ind1=" " ind2=" "><subfield code="a">Lisboa</subfield><subfield code="c">Estúdios Cor</subfield><subfield code="d">imp. 1972</subfield></datafield><datafield tag="215" ind1=" " ind2=" "><subfield code="a">2 v</subfield><subfield code="d">20 cm</subfield></datafield><datafield tag="225" ind1="2" ind2=" "><subfield code="a">Obras de sempre</subfield><subfield code="v">15-16</subfield></datafield><datafield tag="675" ind1=" " ind2=" "><subfield code="a">821</subfield><subfield code="z">por</subfield></datafield><datafield tag="700" ind1=" " ind2="0"><subfield code="a">Dostoiévski</subfield><subfield code="b">Fiódor</subfield><subfield code="f">1821-1881</subfield></datafield><datafield tag="702" ind1=" " ind2="1"><subfield code="a">Franco</subfield><subfield code="b">Maria</subfield><subfield code="4">730</subfield></datafield><datafield tag="702" ind1=" " ind2="1"><subfield code="a">Vivas</subfield><subfield code="b">Eliseo</subfield><subfield code="4">080</subfield></datafield><datafield tag="801" ind1=" " ind2="0"><subfield code="a">PT</subfield><subfield code="b">Biblioteca Municipal de Montalegre</subfield><subfield code="g">RPC</subfield></datafield><datafield tag="909" ind1="&#9;" ind2=" "><subfield code="a">2</subfield></datafield><datafield tag="966" ind1=" " ind2=" "><subfield code="a">0008100</subfield><subfield code="l">BMM</subfield><subfield code="s">SCG 821 DOS irm 15</subfield></datafield><datafield tag="966" ind1=" " ind2=" "><subfield code="a">0008122</subfield><subfield code="l">BMM</subfield><subfield code="s">SCG 821 DOS irm</subfield></datafield></record></collection>